@article{Mather,
  author          = {Mather et. al.},
  title           = {A Preliminary Measurement of the Cosmic Microwave Background Spectrum by the Cosmic Background Explorer (COBE) Satellite},
  journal         = {Astrophysical Journal Letters},
  volume          = {v.354},
  year            = {1990}
}
@article{Boltzman,
  author          = {Boltzman, L.},
  title           = {Ableitung des Stefan'schen Gesetzes, betreffend die Abhängigkeit der Wärmestrahlung von der Temperatur aus der electromagnetischen Lichttheorie},
  journal         = {Annalen der Physik},
  volume          = {258},
  number          = {6},
  year            = {1884}
}
@inbook{Baggot,
  author         = {Baggot, J.},
  title          = {The Quantum Story},
  chapter        = {1},
  pages          = {15},
  publisher      = {Oxford University Press},
  year           = {2011}
}
@article{Martin,
  author          = {Quinn, T. J. and Martin, J. E.},
  title           = {A Radiometric Determination of the Stefan-Boltzmann Constant and Thermodynamic Temperatures between -40 degrees C and +100 degrees C},
  journal         = {Philosophical Transactions of the Royal Society of London. Series A, Mathematical and Physical Sciences},
  volume          = {316},
  number          = {1536},
  year            = {1985}
}
@misc{github,
  title = {{Blackbody report notebook}},
  howpublished = "\url{https://www.github.com/}",
  year = {2021}, 
}