@article{Lacis,
  author          = {Lacis, A.A.},
  title           = {Climate forcing, climate sensitivity, and climate response: a radiative modeling perspective on atmospheric aerosols.},
  journal         = {Aerosol Forcing of Climate. New York: Wiley, pp. 11â€“42},
  year            = {1995},
}
@article{Feulner,
  author          = {Feulner, Georg et. al},
  title           = {On the Origin of the Surface Air Temperature Difference between the Hemispheres in Earth's Present-Day Climate},
  journal         = {Journal of Climate},
  volume          = {26},
  year            = {2015},
}
@article{Budyko,
  author          = {Budyko, M.I.},
  journal         = {Tellus},
  number          = {5},
  volume          = {21},
  title           = {The effect of solar radiation variations on the climate of the Earth},
  year            = {1969},
}
@article{Sellers,
  author          = {Sellers, William D.},
  journal         = {Journal of applied meterology},
  volume          = {8},
  title           = {A global climatic model based on the energy balance of the Earth-Atmosphere system},
  year            = {1969},
}
@inbook{Gleick,
  author         = {Gleick, James},
  chapter        = {The Butterfly Effect},
  pages          = {18},
  publisher      = {Viking Penguin},
  title          = {Chaos: Making a new science},
  year           = {1987}
}
@article{Charney,
  author          = {JG Charney et al.},
  journal         = {Tellus},
  number          = {4},
  volume          = {22},
  title           = {Numerical Integration of the Barotropic Vorticity Equation},
  year            = {1950},
}
@misc{NASA,
  howpublished = {\url{https://www.nasa.gov/topics/earth/features/warmingpoles.html}},
  title        = {What's causing the poles to warm faster than the rest of Earth?},
}
@misc{Rose,
  howpublished = {\url{http://www.atmos.albany.edu/facstaff/brose/classes/ATM623_Spring2015/Notes/Lectures/}},
  title        = {Lecture 2 -Solving the zero-dimensional energy balance model},
}
