@misc{NIST,
  howpublished = {\url{https://physics.nist.gov/cgi-bin/cuu/Value?mub}},
  title        = {Fundamental Physical Constants - Bohr magneton},
}
@misc{Nobel,
  howpublished = {\url{https://www.nobelprize.org/prizes/physics/1943/summary/}},
  title        = {The Nobel Prize in Physics 1943 },
}
@misc{PHYWE,
  howpublished = {\url{http://www.phywe.fr/index.php/fuseaction/download/lrn_file/versuchsanleitungen/P2511111/e/P2511111.pdf}},
  title        = {Stern-Gerlach experiment - PHYWE manual},
}
@article{SG,
  author          = {Gerlach, W and Stern, O},
  journal         = {Zeitschrift f√ºr Physik},
  number          = {},
  title           = {Der experimentelle Nachweis der Richtungsquantelung im Magnetfeld},
  volume          = {9},
  year            = {1922}
}
@article{PT,
  author          = {Bretislav Friedrich},
  journal         = {Physics Today},
  number          = {56},
  title           = {Stern and Gerlach: How a Bad Cigar Helped Reorient Atomic Physics },
  volume          = {12},
  year            = {2003}
}
@article{Fraser,
  author          = {Ronald G. J. Fraser},
  journal         = {Royal Society},
  title           = {The effective cross section of the oriented hydrogen atom},
  volume          = {114},
  year            = {1927}
}

@inbook{Baggot,
  author         = {Baggot, J.},
  title          = {The Quantum Story},
  chapter        = {6},
  pages          = {52},
  publisher      = {Oxford University Press},
  year           = {2011}
}