@article{Kim,
  author          = {S. Y. Kim, Y. H. Won and H. N. Kim},
  journal         = {Journal of applied physics},
  title           = {Measurement of the Faraday effect of a few optical glasses using a direct polarimetric method},
  volume          = {67},
  year            = {1990}
}
@book{HH,
  author         = {Hughes and Hase},
  publisher      = {Oxford University Press},
  title          = {Measurements and their uncertainties - A practical guide to modern error analysis},
  year           = {2009}
}
@inbook{Faraday,
  author         = {Faraday, Michael},
  title          = {Faraday's Diary. Vol. IV, Nov. 12, 1839 - June 26, 1847},
  publisher      = {London: George Bell and Sons},
  year           = {1933}
}
@article{Fresnel,
  author          = {A Fresnel},
  title           = {Mémoire sur les modifications que la réflexion imprime à la lumière polarisée},
  year            = {1817}
}
@misc{Lab,
  author       = {Physics Leaflets},
  howpublished = {Laboratory manual},
  title        = {Farady effect: Determining Verdet's constant for flint glass as a function of the wavelength},
}