@misc{Nobel,
  howpublished = {\url{https://www.nobelprize.org/prizes/physics/1927/summary/}},
  title        = {The Nobel Prize in Physics 1927},
}

@misc{Diagram,
  author       = {JabberWok},
  howpublished = { https://commons.wikimedia.org/w/index.php?curid=2078004},
}

@misc{NIST,
  howpublished = {https://www.physics.nist.gov/cgi-bin/cuu/Value?ecomwl},
  title = {Fundamental Physical Constants - Compton Wavelength},
}

@book{HH,
  author         = {Hughes and Hase},
  publisher      = {Oxford University Press},
  title          = {Measurements and their uncertainties - A practical guide to modern error analysis},
  pages          = {28},
  year           = {2009}
}

@article{Compton,
  author          = {Arthur H. Compton},
  journal         = {Phys. Rev.},
  number          = {483},
  title           = {A Quantum Theory of the Scattering of X-rays by Light Elements},
  volume          = {21},
  year            = {1923}
}